@article{AGS22,
author={Christoph Ableitinger and Stefan Götz and Roland Steinbauer},
title={Lehramtsstudierenden zum Grenzwertbegriff},
journal={Mathematica Didactica},
volume=45,
pages={1-21},
year=2022
}

@inproceedings{AG92,
author={Amrhein, B. and Gloor, O.},
year=1992,
title={Illustrierte Mathematik --- Visualisierung von mathematischen Gegenständen},
editor={K. Dette and D. Haupt and C. Polze},
booktitle={Multimedia und Computeranwendungen in der Lehre. Reihe
Mikrocomputer-Forum für Bildung und Wissenschaft, Bd. 5},
publisher={Springer},
doi={10.1007/978-3-662-00998-7_39}
}
